% The following reference is the base for the document that reflects our modeling framework, which is work in progress. It thus serves as a placeholder here.

@phdthesis{leweke2021,
author  = {Leweke, Samuel},
title   = {Unified modeling and efficient simulation of chromatographic separation processes},
chapter = {2},
school  = {Rheinisch-Westfälische Technische Hochschule Aachen},
type         = {PhD thesis},
address      = {Aachen},
publisher    = {RWTH Aachen University},
reportid     = {RWTH-2022-01184},
year         = {2021},
cin          = {420410},
ddc          = {620},
doi          = {10.18154/RWTH-2022-01184},
url          = {https://publications.rwth-aachen.de/record/840314},
}